@article{durmus2023towards,
  title={Towards measuring the representation of subjective global opinions in language models},
  author={Durmus, Esin and Nguyen, Karina and Liao, Thomas I and Schiefer, Nicholas and Askell, Amanda and Bakhtin, Anton and Chen, Carol and Hatfield-Dodds, Zac and Hernandez, Danny and Joseph, Nicholas and others},
  journal={arXiv preprint arXiv:2306.16388},
  year={2023}
}